 @article{eisenberg2003human,
  title={Human housekeeping genes are compact},
  author={Eisenberg, E. and Levanon, E.Y.},
  journal={TRENDS in Genetics},
  volume={19},
  number={7},
  pages={362--365},
  year={2003},
  publisher={Elsevier}
}

